2970 4856
213 568 294 618 vcro
316 541 386 638 uir,
407 551 437 617 si
459 549 533 638 quis
554 537 712 634 nuquam,
731 541 919 612 Jacobus
939 519 1142 636 blicyllus
1162 549 1242 638 luit,
1264 549 1307 618 de

124 691 139 712 ·’
212 700 277 770 quo
288 678 498 770 praeclarum
506 677 587 746 illud
607 672 948 758 Melancbtbonis
968 677 1245 763 exstatjudiciunr
1259 686 1305 759 ¹):

342 834 482 898 ingenium
499 830 621 896 probltas
637 831 777 892 artemque
793 827 926 879 industria
941 828 1034 880 vincit.

290 971 403 1056 Atque
424 967 501 1034 mibi
522 966 652 1056 quidem
672 965 707 1032 in
727 963 792 1030 boc
812 963 903 1053 viro,
930 982 1027 1051 quum
1053 963 1199 1031 libellum
1218 962 1307 1032 bunc

210 1097 483 1165 conscribendum
503 1068 726 1186 susciperem,
756 1093 837 1162 illud
863 1095 1005 1161 maxime
1032 1093 1306 1163 animadverten-

131 1215 133 1221 ’
209 1227 287 1294 dum
307 1229 415 1296 visum
437 1235 501 1311 est,
522 1227 610 1317 qnod
630 1227 750 1296 multos
772 1227 847 1294 olim
866 1245 929 1316 per
948 1245 1055 1295 annos
1076 1226 1195 1294 dmum
1210 1230 1304 1295 Aca-

207 1360 348 1428 demiam
382 1365 528 1430 nostram
558 1365 594 1428 et
614 1358 797 1447 ,virtutibus
827 1359 897 1425 suis
926 1359 1057 1426 ornavit
1085 1362 1120 1428 et
1149 1357 1304 1446 operibus

207 1491 311 1560 auxit.
352 1493 460 1560 Tanta
480 1495 589 1558 autem
610 1491 645 1559 in
665 1507 701 1556 re
723 1507 797 1558 cum
816 1489 949 1557 minime
969 1508 1022 1557 me
1042 1488 1171 1590 fugiat,
1202 1487 1306 1577 „quid

119 1673 126 1690 .
207 1623 299 1690 serre
327 1622 517 1715 recusent,¹
546 1621 623 1709 quid
651 1621 786 1690 valeant
814 1620 984 1708 humeri“‚
1011 1619 1104 1720 ⁴hund
1138 1637 1222 1688 sane
1248 1613 1317 1687 in?

209 1754 400 1845 dignabor,
422 1755 454 1822 si
468 1755 548 1844 ¹quis
568 1754 710 1844 gravius
730 1771 783 1835 me
809 1758 847 1820 et
865 1751 961 1842 *ultra
990 1753 1081 1820 vires
1112 1771 1196 1830 onus
1223 1770 1306 1834 sus·-

206 1887 351 1975 cepisse
370 1885 513 1978 diruerit,
544 1886 641 1953 modo
670 1884 705 1978 id
735 1885 798 1952 sim
828 1891 1026 1975 assecutus,
1054 1888 1091 1951 ut
1122 1881 1200 1950 mibi
1227 1883 1302 1972 ipse

205 2037 271 2084 non
292 2017 440 2084 defuisse
460 2015 597 2102 videar,
619 2034 708 2084 neve
728 2016 816 2104 piam
836 2019 909 2105 quis
928 2018 963 2086 in
982 2038 1036 2087 me
1054 2018 1223 2088 desideret
1236 2019 1301 2090 'vo-
1407 2039 1408 2042 ’

202 2147 372 2228 luntutem.
437 2201 444 2243 4
510 2215 512 2222 ,
1109 2131 1110 2136 ¹
1189 2225 1191 2232 Α
1303 2229 1306 2234 ¹

223 2332 237 2350 ..
284 2280 418 2368 damin
438 2280 607 2369 lllleylli
628 2280 699 2347 vita
720 2279 962 2372 adumbranda,
982 2282 1099 2352 studiis
1112 2283 1309 2379 laudandis,-

204 2411 339 2498 scriptis
359 2410 605 2498 recensendis,¹
623 2430 720 2498 quum
750 2411 962 2499 amplioribus
990 2422 1157 2484 uteremur
1182 2415 1298 2501 copiis,

203 2557 319 2628 omncs
341 2558 424 2626 quos
445 2539 538 2628 licuit
557 2539 670 2607 fontes
690 2541 784 2608 adire
804 2517 902 2630 atoue
924 2545 1124 2636 esingulis,
1145 2550 1298 2634 quantum
1326 2547 1331 2556 '
1468 2613 1469 2644 2

202 2689 226 2746 e,
242 2688 280 2737 re
300 2670 496 2761 videbatur,
522 2669 655 2739 haurire
675 2672 809 2759 placuit.
858 2677 970 2768 Atque
996 2696 1063 2744 non
1084 2679 1189 2746 solnm
1216 2693 1301 2767 quae

102 2790 105 2798 ’
200 2802 338 2882 testium.
353 2801 419 2871 lide
440 2802 618 2894 dignorum
638 2805 929 2894 commentationes
950 2807 1070 2872 dudum
1092 2807 1202 2896 editae
1215 2829 1301 2895 sup<

199 2935 407 3024 peditabant,
429 2933 682 3025 diligentissime
704 2936 936 3022 congessimus
951 2941 1056 3022 ¹atque
1073 2937 1175 3002 multa
1188 2954 1300 3036 ¹saepe

199 3065 243 3132 ad
261 3066 397 3134 vertum
412 3068 631 3155 transscripta
644 3067 859 3156 inserendus,
880 3063 943 3133 sed
963 3065 1110 3151 inprimis
1131 3084 1190 3157 ea,
1213 3086 1298 3157 quae

198 3215 297 3265 manu
318 3195 452 3286 'seriptis
473 3199 621 3266 inlibris
642 3196 858 3266 bibliothecae
868 3166 1090 3288 Academicae
1103 3199 1298 3288 reperimus,

199 3329 284 3413 ipsis
305 3329 636 3416 scriptorumverbis
657 3329 925 3418 afferendaesse
947 3331 1218 3418 existimavimus.
1305 3399 1309 3410 ,
1384 3313 1386 3316 ’

282 3459 328 3526 nt
349 3479 393 3526 cx
414 3460 519 3546 ipsius
546 3457 708 3545 lllicylli
734 3459 928 3548 carminibus
950 3460 1172 3528 dissertationi
1192 3479 1298 3550 quae-

201 3587 276 3675 dam
304 3589 463 3675 inserere¹
483 3607 550 3678 nec¹
573 3578 810 3678 injucundum,
829 3607 910 3678 nec
936 3605 958 3656 a
984 3591 1152 3678 proposito
1180 3597 1295 3660 nostro

199 3722 343 3815 alienum
357 3719 465 3788 visum
479 3725 584 3800 este).
627 3720 744 3787 llaec
765 3721 851 3788 enim
871 3722 1023 3812 studia,
1043 3727 1081 3790 ut
1102 3721 1295 3806 Cicero³)

205 3905 402 3942 Ὗ
433 3931 436 3938 Ι

249 4020 282 4078 ι)
299 4021 448 4071 nautor.
462 4016 544 4084 juon.
563 4017 662 4086 conreg.
682 4009 802 4086 sapien.
819 4039 847 4090 ι».
864 4025 911 4078 rr.

239 4109 278 4171 ’2)
295 4098 405 4176 blojora
422 4111 501 4162 etlam
522 4111 660 4176 Micylli
684 4113 829 4183 poemata,
854 4114 1171 4180 Heidelbergeusis
1196 4111 1293 4162 areis

296 4203 627 4268 conflagrationem
662 4204 794 4268 depictam
819 4209 848 4259 ot
873 4195 1067 4272 epistolam
1098 4206 1132 4256 ad
1160 4201 1294 4252 Melan-

220 4293 224 4298 “
297 4293 482 4348 obtbonom
512 4296 637 4354 versibus
666 4299 796 4366 scrlptam
827 4295 1023 4365 subjuncturus
1054 4309 1149 4362 cram,
1181 4293 1234 4346 uisi
1259 4303 1292 4343 ar
