2970 4856
631 317 883 408 ..pp-,⁴

184 548 384 610 „nequaquan
406 529 521 590 consilii
541 545 626 602 esse,
657 529 744 603 bajas
770 526 944 586 Acoderaoe
965 529 1095 589 mannos
1116 537 1283 607 opprimere

183 643 213 698 et
229 639 407 713 pereprinos
429 635 554 694 evehere
578 635 645 706 3’);
677 637 719 692 ast
749 632 831 708 longe
859 635 952 710 plures
981 636 1051 696 baud
1077 636 1159 698 dubie
1179 644 1281 716 primas

182 746 273 804 statim
302 742 461 804 detulissent
490 741 665 818 Micyllo,
696 744 748 800 nisi
778 729 1018 804 ll'artmannus
1046 746 1223 805 cancellarius
1254 752 1283 806 et

184 852 319 928 Principis
341 849 488 910 consiliarii
508 850 681 908 restitissent.
723 847 973 925 Hinolactumest‚
994 853 1025 910 ut
1046 853 1281 927 wernherus,

182 961 229 1035 qui
260 961 289 1018 iu
317 959 400 1018 actise
415 953 518 1016 ordinis
543 955 768 1031 pbilosophorum
798 959 854 1014 tum
883 927 994 1015 demum
1020 958 1145 1034 publicus
1175 960 1282 1035 linguae

184 1064 306 1128 Graecae
326 1063 471 1140 professor
491 1063 695 1136 nominabatur,
724 1078 812 1138 usque
833 1061 868 1123 ad
888 1079 1010 1124 mensem
1040 1065 1216 1144 Februarium
1235 1069 1282 1127 in-

186 1173 325 1248 sequentis
346 1173 410 1230 anui
431 1169 512 1229 1533
533 1168 602 1230 hanc
624 1166 778 1228 cathedram
799 1171 937 1229 retineret.
1010 1239 1012 1245 A

265 1277 402 1338 Permulta
421 1276 472 1336 bac
492 1275 526 1336 da
546 1292 578 1338 re
599 1279 627 1336 in
648 1275 789 1336 annalibus
810 1274 973 1338 Academiae
993 1270 1105 1338 nostrae
1133 1283 1283 1356 reperiun-

183 1388 246 1457 tur;
268 1384 396 1446 nonnulla
416 1384 469 1443 boc
489 1384 551 1442 loco
572 1381 694 1457 adjicere
714 1382 789 1440 libet.
811 1383 883 1456 3Η]
940 1433 943 1438 .
969 1383 970 1388 ’
1030 1407 1032 1414 v

241 1551 243 1556 ,
263 1489 340 1564 „Die
361 1469 446 1548 xiil.
468 1487 578 1563 Aprilis
599 1488 713 1561 [1532]
734 1487 835 1545 andito
855 1493 902 1545 eet
916 1491 1019 1562 petitio
1048 1490 1071 1546 J
1077 1489 1191 1546 aeohi
1211 1491 1281 1549 lile·-

183 1593 294 1672 cyllt,
315 1598 374 1654 oiri
394 1597 426 1654 in
447 1594 530 1654 honio
551 1593 646 1656 literis
666 1597 697 1650 et
716 1591 881 1669 linquerent
901 1597 1067 1670 cornilione
1087 1595 1206 1669 laudati
1222 1613 1280 1654 ca-

181 1704 290 1780 ptantia
310 1705 422 1763 certior
440 1701 509 1776 hert
529 1701 566 1760 de
588 1701 703 1760 Graeco
723 1698 837 1758 lecturo
855 1715 913 1774 pro
933 1698 1076 1775 condipno
1096 1698 1209 1758 'sobrio
1225 1699 1281 1758 cibi

183 1809 371 1888 motpnando.
397 1843 432 1856 -
459 1843 493 1854 -
518 1807 643 1870 Tandem
663 1807 741 1867 altro
762 1809 894 1883 citroque
908 1807 1032 1881 jactatis
1053 1809 1216 1882 sententiis,
1226 1810 1280 1866 re-

185 1914 263 1974 sedit
285 1913 467 1974 Unioeroitas
487 1918 518 1974 in
538 1913 590 1974 itta
609 1901 770 1988 sortientia,
798 1900 983 1988 praedictoris
1003 1914 1025 1972 J
1031 1914 1187 1974 ocoharn
1214 1916 1283 1974 Mt-

185 2018 341 2095 epitom,
363 2023 413 2098 qai
429 2023 553 2094 praesto
574 2022 704 2078 eccetan
724 2025 829 2078 senato
846 2020 1051 2082 Univereitatis
1064 2013 1195 2100 adeonae
1209 2039 1284 2082 aon-

184 2129 288 2201 rpeeta
307 2124 488 2186 dominorum
511 2161 546 2211 ῖ-
572 2159 608 2170 -
629 2125 798 2185 oocoredam.
839 2126 901 2186 Pro
916 2127 1026 2187 sobrio
1040 2128 1285 2207 Universitocof-

188 2232 253 2311 [ert
270 2236 419 2294 anatomia
441 2233 484 2293 60
496 2231 635 2318 hmanas,
656 2249 712 2311 qao
733 2239 821 2293 antea
841 2235 863 2293 S
869 2236 967 2294 imon
988 2237 1188 2312 (irenaeus
1209 2255 1284 2296 con-

188 2340 287 2397 tentas
304 2337 424 2416 fecerat,
445 2337 500 2398 sei
519 2333 571 2414 illi,
593 2356 659 2398 cam
678 2341 710 2396 in
733 2339 775 2396 60
791 2323 960 2399 ¹contentari
979 2327 1078 2414 nollet,
1095 2345 1286 2417 petiissetqoe
1347 2355 1359 2367 ·

190 2443 247 2505 aiii
267 2445 311 2502 80
328 2445 458 2519 florenos
487 2443 785 2518 irrationaliter
807 2444 952 2519 decrevit,
972 2424 1043 2518 joni
1066 2445 1139 2516 nihil
1163 2446 1287 2520 amplias

188 2551 360 2612 addendam.
410 2549 513 2626 Neque
534 2545 614 2606 illam
641 2551 706 2606 sine
720 2570 722 2576 ·
736 2565 882 2608 consenso
909 2549 1058 2626 Principio
1086 2555 1180 2610 nostri
1209 2551 1285 2612 lila-

186 2657 326 2719 atrissirat
339 2657 470 2732 catejas
489 2641 660 2715 cdncellarc'i
681 2672 748 2715 esse
769 2656 982 2732 ercanradum,
1004 2659 1099 2735 sitqaa
1119 2657 1212 2718 eidem
1228 2675 1287 2734 pro

189 2782 335 2844 responso
362 2763 532 2840 dicendam,
568 2764 646 2840 qaod
673 2763 857 2830 llnioersitae
883 2763 954 2823 oelit
978 2765 1035 2824 sihi
1065 2769 1153 2826 arcias
1179 2770 1315 2827 oseneio

192 2877 324 2952 spatians¹
343 2869 542 2948 respondendi
552 2871 561 2946 ,'
590 2889 666 2930 nnm-
687 2871 799 2946 aliquid
817 2871 888 2930 aeltt
906 2871 1018 2930 addam
1037 2878 1089 2930 aot
1108 2889 1174 2931 non.
1226 2873 1289 2942 (iao

192 2983 386 3058 responsione
407 2981 567 3044 contentas
581 2975 746 3036 diocessitf‘
1117 2975 1120 2984 ’
1275 3043 1279 3051 ,

276 3089 334 3166 „ln
355 3087 456 3146 eodem
468 3092 610 3145 consessa
619 3097 677 3158 pro
694 3081 804 3149 honore
817 3082 1021 3142 Universitatis
1033 3085 1202 3159 supradicto
1223 3086 1245 3144 J
1251 3103 1290 3146 o-

191 3196 284 3257 coho
310 3192 469 3270 Micylla
499 3189 585 3249 loco
612 3172 766 3248 donarii
796 3190 908 3250 decreti
939 3197 1032 3252 stant
1058 3188 1085 3252 4
1107 3191 1290 3269 florent,

194 3321 279 3381 qnam
295 3276 452 3378 pecaniam
473 3301 536 3374 ipse
557 3316 622 3357 cnm
643 3300 773 3358 morinco
792 3299 882 3356 aniani
894 3300 1072 3374 protitadr'ne
1084 3303 1212 3382 accepit,
1233 3305 1291 3358 rni-

193 3425 259 3469 ram
279 3411 310 3467 in
330 3385 444 3468 modam
462 3400 678 3466 'Uniiteroitatis'
698 3403 823 3478 landono
851 3393 1052 3475 liberalitatem
1078 3409 1164 3482 atque
1192 3409 1291 3464 mani-

192 3515 359 3589 ficentiorn,
389 3531 480 3592 seqare
506 3511 580 3572 illud
607 3523 684 3587 erpa*
706 3527 806 3570 omnes
837 3516 867 3569 et
891 3511 1022 3587 sinentes
1049 3512 1117 3570 dota
1137 3517 1294 3572 occasione

196 3639 307 3682 camno
327 3639 394 3680 cam
412 3621 510 3680 stadio
527 3622 758 3695 promeritorem
777 3615 997 3690 pollicebatur.“

277 3730 332 3794 Res
348 3727 409 3804 (die
419 3727 486 3787 Xlll.
498 3727 687 3800 mensisMaii)
704 3724 738 3784 ad
746 3725 878 3798 Principis
887 3722 1055 3781 consiliarios
1066 3723 1189 3784 delentur
1203 3727 1249 3802 ⁸⁸)
1266 3729 1295 3785 et

195 3838 263 3916 „die
285 3836 379 3897 Xl'll.
400 3837 473 3895 Moti
494 3840 599 3894 sonata
622 3833 826 3892 Universitotie
847 3831 901 3890 sah
921 3847 1018 3905 poena
1038 3835 1139 3891 statuti
1169 3835 1209 3893 od
1228 3832 1294 3891 aol-

1 4069 6 4234 l}
232 4116 285 4172 ei)
304 4113 448 4164 Annall.
466 4114 496 4163 Τ.
514 4114 545 4159 v.
563 4110 614 4162 lol.
633 4113 699 4161 29⁹.
718 4115 741 4162 h.
761 4113 824 4162 300.
846 4125 870 4160 a.

235 4206 273 4254 37
286 4207 313 4263 a)
329 4201 473 4256 Annali.
491 4202 511 4255 1.
527 4204 546 4252 l.

233 4297 285 4354 tte)
303 4294 446 4368 huuall.
465 4295 485 4344 l.
503 4294 522 4344 l.
543 4293 592 4345 iol.
614 4295 670 4345 ³02
699 4297 722 4347 h.
742 4295 806 4345 808.
825 4307 850 4345 a.
