2970 4856
655 370 687 380 .,,.
736 332 871 440 48-

295 523 442 604 Baplius
466 523 496 598 ¹)
517 520 589 584 idern
609 523 744 599 scriptum
763 521 882 598 appellat
902 537 946 582 on
967 522 1245 586 ciel-d'oeurre

295 629 525 691 Terentiani
545 629 662 690 ltlauri
683 626 718 687 de
738 627 841 702 literis,
870 626 995 706 syllabis,
1025 626 1139 705 pedibus
1160 635 1188 690 et
1210 632 1304 691 metris

214 752 284 818 opus
305 736 475 814 emendavit,
509 739 538 796 et
558 735 605 796 ubi
632 734 718 796 uerba
747 734 889 811 scriptoris
916 739 1045 812 corrupta
1063 740 1110 795 aut
1128 737 1219 797 mutila
1239 755 1304 798 esse

214 844 394 921 uidebantur,
422 845 569 904 asteriscos
597 841 714 918 adjacit,
746 841 872 902 lectionis
897 843 1028 902 uarietate
1055 827 1083 901 in
1107 846 1226 919 margine
1246 860 1302 904 no-

211 955 274 1013 tata.

292 1058 436 1117 Boaatii
457 1071 526 1132 opus
548 1053 582 1115 de
603 1053 761 1131 genealogia
789 1051 902 1114 deorum
929 1045 1169 1117 innumerabilibus
1197 1059 1225 1118 et
1255 1061 1301 1119 vix

211 1163 385 1225 credibilibus
414 1161 519 1223 mendis
546 1165 627 1241 atque
659 1162 798 1222 erroribus
819 1163 954 1239 purgavit.
1002 1163 1098 1240 Neque
1127 1167 1198 1226 enirn
1218 1181 1302 1225 voees

92 1267 98 1282 '
210 1274 314 1332 mutum
334 1270 380 1330 bio
406 1270 461 1330 illio
483 1271 611 1348 expleuit
639 1271 685 1329 aut
709 1270 876 1345 immutavit,
909 1267 957 1330 sed
977 1271 1047 1330 totas
1067 1275 1170 1348 passim
1190 1272 1302 1347 lobulos,

212 1395 283 1456 quae
303 1395 320 1438 a
340 1378 456 1438 librariis
478 1382 594 1438 omissae
615 1376 737 1451 luerunt,
761 1393 811 1436 euo
831 1377 892 1436 loeo
913 1379 1038 1437 restituit.

292 1466 461 1560 Philippi
481 1482 786 1542 Melanchthonis
817 1485 991 1555 grammatica
1019 1483 1177 1543 Latinaab
1205 1483 1302 1544 eodem

211 1593 290 1650 aucta
320 1592 378 1648 sins
407 1590 465 1660 ejus
493 1590 602 1645 nornine
630 1585 799 1646 Franaoiurti
831 1589 902 1664 typis
931 1560 1066 1659 dusdrrpa
1087 1589 1136 1645 est.
1187 1587 1301 1646 Prueia-

210 1699 292 1756 donis
321 1694 382 1754 loco
409 1692 525 1770 epistola
545 1709 561 1750 a
580 1686 869 1751 Melanohthone
895 1690 930 1750 ad
956 1691 1222 1768 ilgsuolplruur
1253 1695 1300 1772 ty-

210 1800 381 1880 pographum
401 1797 462 1858 dota
481 1799 676 1876 praemittitur,
708 1816 744 1859 eu
764 1813 817 1875 qua
837 1797 905 1858 haee
925 1803 1137 1859 commemoratu
1158 1797 1237 1874 digna
1257 1799 1302 1858 ui-

210 1910 339 1970 tenuas:
358 1906 471 1983 „Valde
489 1905 582 1981 prodo
602 1889 755 1980 Micyllt
776 1905 967 1966 eruditionem
978 1922 1016 1964 oe
1027 1905 1168 1978 judicium
1180 1910 1210 1965 et
1218 1895 1304 1964 uideo
1326 1943 1329 1952 -

140 2007 143 2014 '
210 2032 275 2076 eom
296 2030 332 2073 eu
351 2016 459 2072 uirtute
476 2011 643 2086 praeditum
662 2028 729 2069 eoae
739 2056 748 2087 ,
780 2017 814 2071 ut
831 2000 1022 2071 scholasticae
1043 2030 1150 2088 operas
1170 2029 1229 2072 nora
1247 2012 1302 2088 su-

208 2121 315 2182 ottdlut.
369 2119 467 2188 Quare
494 2135 560 2178 eura
590 2132 655 2178 eum
679 2123 805 2193 propter
832 2121 943 2195 tapecia·
963 2117 1134 2194 elegantiora
1154 2123 1184 2178 et
1203 2118 1302 2178 molti-

207 2228 313 2304 plleem
339 2227 531 2286 eruditionem
550 2241 588 2285 oc
607 2239 704 2286 mores
725 2227 846 2300 optimos
866 2241 958 2284 omem
977 2231 1008 2284 el
1026 2229 1183 2301 euspicium
1192 2271 1201 2302 ,
1224 2235 1302 2301 pro-

206 2332 289 2410 secta
310 2333 345 2392 ob
367 2332 443 2391 boue
464 2347 583 2392 causum
600 2330 695 2407 pluria
723 2335 809 2391 elium
834 2331 936 2407 socio,
973 2331 1050 2409 quod
1077 2349 1136 2391 coo
1160 2334 1304 2409 peccarim

209 2440 329 2516 confert
357 2439 398 2500 od
419 2439 556 2514 jncuodu
581 2436 711 2516 pueritie
739 2437 844 2496 studia.
889 2472 924 2482 -
965 2437 1059 2495 Etiam
1087 2439 1114 2495 oi
1142 2436 1211 2496 mibi
1234 2435 1305 2513 ptos

210 2548 263 2606 otii
282 2548 376 2616 esset,
397 2547 493 2600 lomere
512 2540 693 2618 anteferrem
712 2541 745 2602 Id
750 2545 761 2601 i
771 2532 847 2618 e‘yll
853 2545 864 2602 i
885 2557 1041 2602 censorem
1059 2546 1175 2602 mece.“

291 2649 428 2708 Summano
449 2663 561 2723 operam
581 2664 615 2707 eo
634 2646 797 2732 diligeptianr
824 2652 852 2710 in
873 2647 998 2712 Ouidii
1021 2649 1051 2724 ⁸)
1080 2650 1210 2728 operibus
1238 2651 1306 2710 illu·
1422 2663 1424 2666 ·

210 2753 327 2816 mundis
347 2757 453 2831 posuit,
476 2757 598 2832 exceptis
619 2755 879 2834 Metamorphosiuro
899 2757 991 2832 libris,
1012 2760 1065 2817 nisi
1100 2756 1172 2834 qood
1192 2758 1305 2834 Rapha-

210 2863 260 2923 elis
280 2862 357 2937 liegii
368 2865 405 2921 'in
426 2862 476 2921 hos
498 2861 583 2922 libros
595 2862 1044 2924 commentariisnonnullaaddidit.
1075 2865 1220 2924 Praeterea
1240 2865 1303 2944 Td·

146 2999 147 3008 1
210 2972 278 3032 eiti
306 2971 336 3028 et
363 2967 501 3028 Lucani
528 2971 630 3046 scripta
650 2967 731 3028 docte
752 2971 883 3046 explicuit
902 2973 984 3046 atque
1004 2973 1091 3047 ipsius
1111 2975 1139 3030 in
1158 2974 1209 3032 bos
1229 2976 1303 3032 seri-

210 3080 307 3154 ptores
326 3076 514 3134 annotationes
534 3079 633 3153 postea
653 3077 870 3136 innocentiores
891 3074 1023 3136 editiones
1044 3081 1106 3137 sunl
1126 3080 1263 3155 receptae.

290 3181 399 3248 Scholia
419 3184 447 3241 ia
466 3179 652 3243 lllartialis
674 3181 775 3258 aliquot
796 3183 873 3244 locos
896 3183 1070 3244 obscuriores·
1090 3188 1261 3261 conscripsit.

291 3287 386 3346 Exstat
416 3284 617 3363 Euripidis
648 3290 704 3347 uita
724 3303 760 3348 ex
781 3289 896 3350 diuersis
918 3291 1097 3367 scriptoribus
1119 3307 1134 3350 a
1154 3290 1305 3369 blioyllo

210 3393 339 3470 collecta,
361 3396 389 3452 ot
409 3391 564 3452 dissertatio
585 3390 619 3455 de
639 3393 780 3470 tragoedia
801 3396 829 3453 et
850 3398 909 3469 ejus
930 3395 1052 3471 partibus
1072 3398 1218 3472 perspicue
1233 3409 1306 3454 con-

211 3500 329 3576 scripta,
351 3514 422 3575 quae
441 3515 495 3558 uua
516 3513 577 3557 ouon
598 3498 661 3560 Cas
669 3504 772 3576 paris
794 3501 941 3562 Stiblini
961 3485 1091 3578 Euripide
1113 3505 1155 3561 est
1175 3501 1254 3561 edita.
1322 3557 1329 3573 ,

182 3631 189 3644 t
292 3605 450 3664 Luewioni
479 3620 564 3683 opera
585 3606 686 3684 aliquot
706 3607 788 3670 labore
807 3607 940 3685 reddidit,
970 3605 1082 3682 adjectis
1111 3611 1192 3668 etiam
1218 3609 1305 3668 sclo-

209 3712 271 3786 liis,
303 3724 374 3786 quae
403 3726 455 3769 uua
483 3726 545 3771 oum
576 3717 676 3774 ceteris
707 3715 818 3776 Luciani
847 3717 955 3792 seriptis
983 3715 1096 3775 abarum
1124 3717 1303 3792 interpretum

210 3833 296 3895 opera
316 3819 472 3894 conuersis,
493 3817 575 3877 edidit
598 3822 636 3893 ⁴).
1200 3827 1203 3834 '

210 3991 401 4002 ..ια-..ιιι-

256 4079 290 4138 2)
306 4079 383 4130 Loco
399 4091 482 4142 supra
498 4076 592 4130 allatio.

258 4169 289 4235 8)
307 4170 435 4222 Gaetu.
453 4169 516 4221 bibl.
533 4170 631 4222 Dresd.
649 4174 695 4222 lll.
713 4187 737 4236 p.
755 4173 792 4225 io
809 4183 867 4238 equ.

255 4259 289 4325 4)
307 4263 426 4314 llartlr.
452 4261 612 4316 adversarie
633 4277 660 4326 p.
684 4263 750 4315 tib.
795 4263 910 4316 bizel.
937 4265 958 4314 l.
980 4263 997 4313 l.
1021 4277 1045 4327 p·
1062 4264 1110 4316 so.
1143 4260 1300 4341 ..liuenlg
