2970 4856
681 395 864 436 ...v-

226 559 487 652 praeclareat,
515 553 854 650 adolescentiam
880 555 1024 644 alunt,
1059 561 1319 626 senectutem

225 693 469 777 oblectant,
490 685 705 756 secundas
724 704 790 756 res
810 693 985 772 ornent,
1005 686 1206 757 adversis
1226 707 1319 778 per-

225 823 391 912 fugium
419 836 468 886 ao
489 816 689 887 solatium
710 817 933 904 praebent,
959 817 1184 888 delectant
1204 819 1321 908 (lomi,

224 972 304 1021 non
336 949 582 1038 impediunt
616 946 751 1034 loris,
789 953 1050 1036 pernoctant
1080 949 1319 1040 nobiseum,

225 1081 581 1170 peregrinantur,
602 1079 882 1148 rusticantur.
923 1079 969 1148 lit
989 1079 1032 1149 lle
1050 1080 1230 1170 blioyllo
1248 1099 1319 1170 po-

228 1219 296 1312 eta
314 1214 345 1280 si
357 1212 515 1300 pluribus,
531 1226 626 1298 quom
640 1215 795 1300 parerat,
813 1211 926 1280 verbis
939 1212 1130 1300 disputasse
1141 1211 1322 1302 videamur,

227 1345 359 1412 veniam
376 1343 520 1411 leotores
533 1339 686 1409 benevoli
701 1340 834 1430 dobunt,
855 1344 1028 1412 verborum
1040 1361 1203 1412 memores
1223 1343 1319 1411 Pla-

226 1476 339 1544 tonis
357 1477 409 1562 ι)ε
430 1477 474 1538 Ol
495 1469 638 1548 ποιηταὶ
655 1474 718 1556 γὰρ
737 1475 812 1558 ἡμῖν
833 1469 935 1562 &carp
951 1477 1093 1561 noviper
1113 1483 1171 1552 τῆς
1193 1478 1317 1562 σοφίας

223 1609 289 1670 rtet
304 1609 364 1670 καὶ
376 1607 543 1692 apopores.
585 1604 631 1673 lit
650 1604 801 1696 equidem
818 1603 1166 1698 blelanobtlponis
1185 1603 1267 1674 illud
1283 1610 1315 1685 Ι)

220 1737 398 1806 collaudo:
429 1755 575 1826 „nemo
597 1736 893 1806 tolerabiliter
920 1740 1120 1807 solutam
1147 1737 1315 1805 oratio-

221 1887 312 1937 nem
343 1865 505 1933 seribet
536 1884 730 1954 unquam,
763 1868 941 1954 quinon
968 1868 1130 1935 multum
1159 1883 1316 1956 operae

222 1999 266 2065 in
293 2000 513 2086 poetarum
543 1997 772 2087 lectionem
802 1999 1069 2068 collocarit.“
1210 2047 1212 2052 .
1321 2075 1323 2082 ,

171 2189 172 2192 ,
305 2125 467 2196 Juvatbic
474 2129 689 2216 gratoaninro
702 2129 842 2217 referre,
855 2135 976 2218 quauta
986 2130 1188 2197 humanitate
1201 2128 1348 2196 biblio-·

223 2261 339 2328 tbeoae
359 2263 495 2326 nostrae
514 2259 682 2326 thesauris
703 2259 749 2326 uti
768 2258 846 2326 mibi
863 2263 1069 2329 concesserit
1087 2261 1148 2328 Ilr.
1161 2259 1317 2345 Baebr,

220 2391 434 2459 bibliothecae
462 2391 654 2478 praefectus
681 2389 877 2478 primarius,
905 2391 1030 2479 blegne
1050 2388 1219 2456 Baiarum
1240 2387 1315 2464 duci

217 2522 411 2592 aoousiliis
448 2521 565 2610 aulae,
598 2495 764 2590 literarum
799 2524 1005 2612 antiquarum
1043 2521 1214 2612 professor
1248 2538 1312 2608 pu·
1412 2530 1414 2536 ’

219 2653 323 2721 blious
344 2653 547 2743 ordinarius,
569 2654 715 2740 ephorus
736 2651 779 2719 de
799 2655 915 2744 Lyceo
936 2659 1049 2722 nostro
1071 2654 1225 2740 egregie
1241 2669 1314 2720 me-

217 2786 317 2870 ritus,
345 2785 397 2852 vir
418 2785 551 2872 seriptis
570 2804 637 2851 non
657 2786 784 2873 minus,
814 2802 909 2873 quam
930 2783 1078 2850 doctrina
1099 2782 1312 2851 clarissimus.

217 2911 321 2998 Quem
342 2915 450 2982 virum
469 2914 734 2982 humanissimum
755 2921 791 2982 ut
809 2921 947 3004 gratea3
981 2933 1064 3003 quas
1090 2909 1142 2981 hic
1161 2911 1210 2978 illi
1229 2931 1311 3000 per-

212 3047 312 3142 solvo
327 3051 440 3134 justas
460 3065 500 3116 ac
520 3049 692 3138 sinceras,
712 3047 879 3116 benevolo
901 3046 1043 3135 accipiat
1062 3047 1194 3134 animo,
1222 3060 1310 3130 rogo

213 3185 312 3266 atque
333 3197 402 3246 oro.
691 3265 693 3269 Α
831 3173 834 3182 ’
1258 3147 1259 3150 “

259 3335 263 3342 ·
295 3310 374 3376 Jam
394 3309 424 3375 si
444 3312 499 3398 qui
519 3316 648 3401 eorum,
670 3330 774 3396 perrea
794 3328 879 3398 quos
892 3308 1127 3402 harum‘rerurn
1140 3303 1307 3374 arbitrium

213 3444 288 3528 est,
317 3439 419 3512 libelli
439 3439 539 3534 hujus
565 3442 802 3531 qualiscunque
826 3438 994 3510 scribendi
1019 3439 1191 3508 consilium
1217 3457 1308 3505 oom-

214 3647 406 3664 ——-—.-

310 3785 413 3834 otiores
435 3784 522 3851 fines,
539 3785 633 3848 quibus
653 3777 681 3833 in
701 3779 835 3848 ejusmodi
851 3779 948 3834 libello
969 3781 1165 3835 conseribenrlo
1183 3777 1304 3844 quemvis

165 3937 170 3952 ι
309 3873 504 3932 continentes
525 3877 590 3940 est,
609 3875 784 3926 obstitissent

259 3986 291 4044 8)
308 3987 361 4038 l’ro
381 3988 483 4040 Arebla
503 4000 564 4053 oap-
589 3989 616 4039 7.

185 4065 194 4084 ‘
257 4101 289 4163 4)
306 4103 337 4153 rr
355 4104 461 4168 myrrea
476 4106 518 4158 ao.
534 4105 590 4168 erp.
612 4119 640 4169 p.
661 4103 728 4154 auo.

131 4205 134 4212 “
255 4211 334 4278 5)1n
360 4217 477 4281 praelat.
498 4215 652 4282 lnieylli
674 4218 857 4284 hodoeporioo
880 4230 1005 4286 praem,
1030 4215 1173 4282 blieylli
1198 4215 1299 4282 Syllo·

304 4308 380 4360 libor.
397 4310 436 4364 V.
455 4305 621 4390 conjunctim
642 4311 707 4364 elib
724 4327 750 4378 p.
768 4312 832 4366 188.
