2970 4856
631 391 842 462 ...ὅθ-

197 583 329 663 Lycaeum
350 580 452 640 iontem
479 595 569 656 prope
597 577 804 656 Heidelbergum
840 582 912 658 ⁴0),
958 588 1109 662 montisque
1144 589 1287 660 „omnium

199 690 379 750 sanctorum“
413 685 652 762 Heidelbergensis
689 691 817 763 regiones
862 693 1067 750 amoenissimas
1105 691 1169 765 Η).
1234 691 1287 751 m-
1377 703 1382 708 ·

161 781 164 785 ⁵
197 813 251 874 que
286 800 314 856 iu
347 796 392 854 illo
432 789 539 870 opere,
582 792 654 870 quod
689 795 829 873 sylvarum
868 802 976 857 nomine
1023 800 1183 876 inscriptum
1224 815 1287 858 esse

197 901 429 980 supradiximus,
451 901 590 978 conplura
613 904 745 976 carmina,
777 918 846 979 quae
870 906 956 965 animi
975 903 1162 968 allectionibus
1184 908 1286 983 optimo

197 1027 229 1070 ac
243 1010 412 1071 nobilissimo
432 1011 492 1070 viro
517 1023 597 1085 quarn
617 1010 734 1067 monime
752 1006 839 1086 dignis
855 1011 1004 1089 excellunt,
1026 1014 1205 1075 continentur.
1240 1013 1287 1072 Sic

196 1120 330 1178 amicitiae
359 1118 487 1176 virtutem
508 1113 632 1188 laudibus
653 1115 731 1175 edent
753 1117 816 1192 ⁴⁸),
846 1115 881 1177 dc
901 1119 1055 1195 temporum
1077 1136 1189 1180 suorum
1210 1119 1287 1178 cala-
1355 1101 1357 1106 ¹

195 1224 329 1284 mitatihus
349 1225 526 1300 conqueritur
542 1223 608 1296 η);
635 1221 764 1282 mundum
783 1222 939 1302 eonditum,
967 1226 1043 1302 leges
1066 1225 1161 1288 decern
1177 1225 1287 1286 tabula-

195 1348 269 1406 rum,
297 1330 444 1406 Christum,
474 1328 545 1390 diem
566 1327 664 1389 Christi
686 1330 803 1391 natalem
824 1346 979 1410 precesque
998 1329 1032 1392 ah
1056 1347 1091 1392 eo
1113 1335 1286 1409 praeceptus,
1361 1383 1364 1388 Α

195 1441 300 1517 lapsum
337 1442 365 1500 et
405 1437 600 1498 redemtionem
634 1437 776 1513 hominis,
815 1453 948 1498 summam
978 1437 1120 1514 Evangelii
1159 1421 1286 1500 uersibus

194 1546 344 1607 celebrauit
363 1547 426 1621 ⁸⁰),
446 1546 550 1622 aliquot
560 1543 671 1606 havidis
689 1543 809 1623 psalmos
827 1544 916 1605 latinia
939 1544 1066 1606 ramirus
1084 1542 1203 1605 reddidit
1222 1547 1284 1620 Ἧι

194 1656 273 1713 uxori
295 1653 444 1729 liberisque
466 1651 602 1712 defunctis
628 1651 766 1728 epitaphia
786 1651 967 1728 pulcherrima
994 1649 1095 1712 dicarit
1120 1653 1186 1727 ⁸²),
1216 1650 1285 1712 roli-

193 1764 302 1836 gioncm
325 1762 353 1818 et
369 1760 460 1818 literae
478 1758 568 1818 laudat
590 1759 652 1832 ⁸⁸),
680 1771 774 1816 amore
797 1773 862 1832 erga
879 1757 1021 1835 Principes
1037 1773 1108 1835 puro
1130 1760 1159 1818 ot
1177 1760 1286 1817 sincero

193 1869 345 1927 conmeatus
363 1863 509 1925 adrentum
526 1863 615 1924 Caroli
635 1863 666 1923 V.
688 1865 735 1938 ⁵⁴)
746 1908 754 1939 ,
775 1866 804 1924 et
822 1863 1018 1939 ‚electorem
1040 1862 1148 1925 Ottuuis
1168 1863 1286 1940 llennci,

88 1972 89 1975 ’
194 1971 306 2034 conius
320 1973 433 2032 Palatini
455 1973 683 2048 ‘lp-gratuletur,
711 1985 812 2048 respue
833 1971 973 2048 prioribus
994 1969 1164 2050 temporibus
1193 1973 1286 2047 gestus

191 2081 253 2140 sine
269 2081 310 2138 ira
325 2081 353 2138 et
372 2076 460 2138 studio
482 2080 659 2155 prosequitur
677 2081 736 2138 siue
755 2075 888 2140 laudando
909 2082 970 2140 siva
985 2076 1175 2157 vituperando.
1216 2078 1286 2156 Epl·

190 2188 340 2262 grammata
357 2199 466 2262 quoquo
477 2189 509 2244 in
528 2188 659 2260 imagines
675 2185 872 2262 imperatomm
894 2185 1091 2262 Romanomm,
1115 2184 1287 2260 Graecomm

191 2297 238 2371 qui
255 2291 402 2353 domorum
420 2296 448 2354 et
467 2291 710 2368 longobardorum
722 2292 907 2371 temporibus,
929 2291 1143 2370 ,‚Guhiourum“,
1165 2281 1288 2369 qnipos't
1376 2317 1378 2322 ¹

188 2399 280 2461 Alerii
317 2397 429 2460 caedem
461 2399 696 2477 Constantinopoli
726 2403 928 2478 regnaverunt,
969 2398 1204 2476 Germanicorum,
1240 2403 1288 2475 qui
1351 2386 1355 2391 ’

188 2507 318 2568 translato
345 2508 464 2586 lmperio
490 2506 526 2568 ad
547 2507 668 2571 Francos
686 2511 717 2568 et
739 2505 877 2584 Saxones,
909 2509 992 2584 atque
1014 2522 1126 2581 eorum,
1154 2507 1201 2582 qui
1223 2507 1288 2582 post

190 2617 376 2689 interregnum
397 2617 425 2674 et
442 2615 795 2689 exstinctos„Suevorum“
821 2616 961 2692 principes
989 2613 1040 2673 hac
1057 2611 1184 2689 dignitate
1196 2611 1287 2672 iuncti
1381 2595 1384 2602 ‘

191 2722 268 2795 aunt,
297 2723 325 2778 in
349 2717 445 2778 iisdem
473 2717 615 2797 sylvarum
639 2719 717 2782 ,horu
742 2722 867 2796 reperies
901 2721 957 2792 ⁸⁸).
1006 2719 1214 2796 Epigrammata
1244 2719 1287 2778 his

193 2826 389 2904 imperatorum
417 2829 489 2887 vitea
520 2829 548 2886 et
566 2841 614 2886 res
631 2829 726 2902 gestae
753 2829 800 2887 aut
819 2825 983 2888 tetrastiohis
1002 2827 1050 2886 aut
1079 2822 1200 2887 distichis
1227 2841 1281 2884 ox·
1364 2809 1376 2828 ⁵

68 2975 70 2981 -
190 2949 304 3010 pressae
326 2936 508 2995 continentur.

270 3039 447 3102 Inveniuntur
466 3042 493 3100 et
515 3039 567 3101 alia
590 3037 662 3104 haud
683 3038 829 3115 injucunda
846 3039 936 3117 lectu,
956 3041 986 3099 ut
1005 3041 1033 3099 in
1049 3024 1153 3114 Virgilii
1169 3038 1288 3097 carmina

191 3146 343 3228 περιοχαὶ
358 3151 422 3224 ὅ’),
442 3151 470 3208 in
486 3148 629 3224 Sophoclis
651 3149 698 3223 ⁵⁸)
720 3149 748 3208 et
765 3147 842 3207 Arati
862 3147 910 3222 ³⁰)
927 3146 1135 3224 praelectiones,
1155 3142 1286 3221 prologus

189 3259 217 3316 in
234 3257 355 3315 Terentii
373 3251 502 3315 Andriam
521 3255 567 3330 ⁶⁰)
592 3257 620 3315 et
638 3251 776 3332 Adelphos
795 3255 861 3339 ⁸¹),
877 3239 997 3332 e'pistola
1011 3249 1046 3314 ad
1056 3252 1209 3335 Philippum
1221 3251 1287 3312 hle·

186 3425 381 3442 m

229 3507 281 3567 re)
299 3507 366 3562 nuru.
381 3508 429 3560 uo.
448 3511 499 3562 nv.
518 3523 545 3574 ρ.
560 3509 629 3562 aar.
741 3507 791 3570 rr)
807 3508 874 3559 mnu.
890 3503 937 3559 uo.
954 3507 1003 3556 un.
1019 3517 1046 3570 p.
1062 3503 1133 3556 sao.

222 3597 622 3665 48)1om.1io.1v.p.4uu.
735 3599 788 3663 ra)
805 3599 872 3650 nuru.
889 3597 936 3648 m.
954 3599 1019 3660 up.
1036 3595 1086 3646 sa.

163 3739 164 3742 ,
221 3692 274 3750 uo)
290 3693 356 3743 roro.
371 3692 415 3744 uu.
434 3693 483 3742 111.
501 3707 526 3756 p.
542 3693 609 3743 aaa.
625 3690 672 3743 no.
690 3690 724 3742 v.
741 3705 769 3755 p.
785 3691 855 3742 mr.
873 3688 936 3740 lae.
954 3685 1020 3739 ool.
1039 3685 1106 3760 sos.
1123 3685 1192 3736 aas.

221 3782 270 3845 51)
287 3784 355 3834 rone.
374 3781 419 3835 uo.
432 3783 465 3834 u.
482 3798 508 3847 p.
525 3783 679 3836 ura-mc

221 3874 273 3932 aa)
290 3874 454 3925 urrunnu.
473 3887 499 3939 p.
516 3876 563 3926 us.
578 3875 624 3927 nu.
640 3876 692 3932 nv.
710 3888 737 3938 r.
754 3869 911 3926 uae-aas.
1102 3939 1106 3946 ι

221 3957 277 4021 ω)
290 3963 355 4016 mid.
374 3962 420 4013 uu.
437 3961 486 4014 uv.
505 3979 532 4028 μ.
548 3964 615 4014 aar.
739 3963 789 4024 oe)
805 3961 871 4012 reru.
886 3960 932 4011 uo.
949 3959 987 4009 n.
1005 3971 1033 4022 p.
1052 3953 1108 4008 rou
1126 3967 1185 4018 sqq.

222 4055 272 4119 ua)
288 4056 354 4105 notu.
372 4055 417 4107 rau.
435 4056 482 4108 ru.
499 4071 524 4120 p.
541 4056 601 4108 aar
616 4069 675 4120 sqq.
733 4056 785 4114 ue)
801 4054 867 4104 rose.
881 4047 932 4104 lu.
948 4051 1000 4102 nv.
1015 4061 1044 4114 p.
1063 4045 1220 4100 aer-ouo.

220 4145 272 4204 aa)
289 4145 355 4197 reru.
373 4155 398 4208 p.
414 4145 572 4196 aea-eso.
726 4145 787 4205 woe)
803 4145 870 4196 nuru.
887 4159 916 4208 p.
933 4139 1094 4194 aus-oea.
1194 4201 1195 4204 Ἴ

223 4235 273 4298 so)
290 4236 355 4288 runa.
373 4251 399 4300 p.
417 4236 486 4289 aoa.
504 4237 572 4289 eos.
735 4238 787 4298 oo)
804 4235 872 4290 roto.
890 4249 915 4300 ρ.
932 4221 997 4289 msss

221 4327 477 4393 mmmm
