2970 4856
668 360 957 458 --16--Ι

308 552 437 611 Senatum
470 553 559 628 ipsam
592 545 779 608 Universitotis
807 545 871 606 odiit
898 565 948 625 per
967 549 1036 610 .hos'
1056 553 1148 611 literas
1179 557 1232 627 ⁴³)
1265 557 1326 616 Mi-

225 657 359 735 tyllus:

407 757 641 858 „clandestino
669 773 742 838 uiro
775 771 909 839 douriuo
941 779 1070 842 rectori
1098 777 1325 864 uumersopuc

503 881 642 948 solatae
661 879 963 958 Heidcltcraensis
984 885 1121 949 senatui
1140 880 1179 951 S.

306 1019 467 1092 superiore
488 1020 615 1092 aestate,
647 1018 827 1076 ornatissimi
853 1019 929 1091 oiri,
961 1034 1026 1077 cum
1054 1021 1119 1094 ipse
1144 1022 1220 1079 istuc
1243 1037 1320 1096 pro-

185 1115 189 1124 '
221 1127 321 1202 fectus
331 1125 525 1184 conditionem
537 1125 669 1182 Graecae
680 1122 821 1198 lectionis,
844 1140 928 1199 quam
942 1122 977 1182 ll.
999 1124 1022 1182 J
1028 1127 1321 1186 oanni-llaema-

225 1235 337 1292 renai
354 1237 423 1307 post
442 1232 549 1290 abitum
571 1231 729 1316 doctissimi
741 1232 866 1306 juoenis
895 1231 918 1289 J
923 1235 1061 1290 oannis
1083 1233 1262 1309 Sinopii,
1292 1240 1324 1294 nt

224 1342 337 1400 oicario
356 1338 525 1414 professori
546 1340 688 1413 tantisper
709 1337 934 1396 commendatam
954 1338 1122 1413 audieram,
1150 1339 1216 1398 dum
1237 1339 1324 1416 alius,

223 1449 273 1522 qui
294 1449 323 1504 ei
343 1445 535 1519 succederet,
556 1444 714 1519 subropari
734 1443 880 1502 commode
897 1450 1019 1518 posset,
1041 1445 1123 1503 uobis
1145 1461 1245 1526 coram
1262 1465 1323 1521 pc-

222 1554 352 1610 tiissem:
372 1567 545 1626 responsum
566 1554 626 1623 (ita
646 1555 680 1608 ut
699 1555 757 1608 tum
777 1552 855 1608 inter
875 1566 930 1608 aas
950 1553 1147 1622 conuenerat)
1166 1555 1235 1624 post
1253 1551 1322 1608 abt-

223 1633 282 1715 tum
307 1655 413 1714 isthinc
441 1671 533 1714 meum
558 1653 653 1714 altero
682 1671 782 1714 menso
814 1659 917 1732 accepi
926 1699 935 1730 ,
968 1672 1024 1734 quo
1051 1659 1181 1715 oestrum
1197 1634 1322 1732 'quidem

222 1762 348 1822 studium
366 1761 434 1822 mili
456 1761 635 1838 deferebatis
657 1779 756 1821 omnes
767 1808 775 1838 ,
805 1762 1053 1840 conditionemque
1080 1765 1166 1821 istam
1192 1762 1260 1821 milti
1282 1761 1322 1822 li-

144 1878 148 1892 ·
177 1945 180 1960 ὅ
223 1869 310 1929 beros
330 1885 383 1928 vos
404 1867 563 1930 collaturos
581 1869 679 1945 fuisso
700 1869 885 1930 dictitabatis.
928 1869 987 1929 Sed
1002 1887 1061 1945 per
1082 1869 1122 1930 Cl.
1145 1871 1174 1928 V.
1189 1870 1224 1930 D.
1246 1886 1322 1929 can-

222 1975 374 2034 cellarium
395 1976 763 2054 intercessionemfoctam
784 1993 866 2051 esse,
889 1979 937 2053 qui
959 1976 1154 2041 illustrissimi
1174 1977 1323 2053 Principis

201 2081 368 2150 'Electoris
389 2084 504 2140 nornine
532 2085 680 2156 uetuerat,
709 2099 744 2141 eo
766 2087 895 2166 tempore
916 2101 1086 2160 quemquam
1105 2091 1227 2160 praeter
1249 2103 1324 2160 eum,

224 2192 273 2267 qui
292 2187 348 2247 huc
370 2191 463 2266 usquc
490 2173 642 2266 Sinapii
668 2193 749 2250 uices
777 2194 942 2266 praestitit,
974 2180 1014 2250 ad
1036 2194 1168 2252 Graecae
1189 2193 1323 2253 lectionis

219 2293 436 2371 professionem
457 2295 567 2354 admitti
588 2295 704 2355 debere.
886 2371 887 2376 ἵ
1009 2360 1012 2370 Α

304 2402 435 2462 Proinde
455 2420 521 2460 cum
542 2419 578 2461 ca
598 2419 633 2460 rc
653 2419 696 2458 erc
726 2417 771 2458 me
798 2406 914 2477 capnito
941 2391 1027 2479 amici
1054 2403 1186 2478 quidam,
1219 2405 1268 2478 qui
1294 2405 1324 2458 et

221 2509 290 2578 milti
308 2509 420 2584 factum
440 2510 545 2580 optime
566 2505 684 2579 uolunt,
713 2510 756 2572 et¹
769 2523 835 2564 curn
857 2503 896 2565 ct.
922 2508 950 2564 V.
971 2507 1011 2590 D,
1028 2506 1207 2569 cancellario
1227 2511 1322 2566 aeteri

221 2615 349 2673 amicitia
370 2614 520 2688 conjuncti
540 2617 625 2688 sunt,
654 2629 711 2689 quo
732 2595 828 2672 denuo
849 2613 970 2672 eandem
989 2631 1052 2673 rem
1071 2619 1232 2688 tentarem,
1262 2614 1321 2672 ad·
1348 2622 1352 2628 “

187 2737 189 2741 ’
220 2722 424 2797 hortarentur,
445 2737 585 2797 suamque
606 2709 707 2779 eodem
727 2737 846 2798 operam
864 2721 986 2798 polliciti
1006 2722 1151 2798 fuissent,
1174 2722 1252 2799 quod
1272 2722 1322 2780 di-

221 2835 343 2906 cercnt,
374 2845 433 2887 non
453 2803 550 2886 statim
571 2827 761 2899 deficiendum
782 2846 866 2930 esse,
896 2833 924 2888 si
943 2847 995 2888 res
1014 2836 1049 2920 'ut
1068 2847 1199 2918 quaeque
1220 2835 1322 2905 coepta

221 2942 282 3012 est,
304 2953 363 2996 non
383 2939 425 2994 ita
445 2933 636 3009 succederet,
657 2951 759 2994 eorum
779 2934 910 3008 liortatu,
933 2939 1078 3011 nepotium
1099 2941 1186 2994 toturn
1207 2937 1261 2993 troc
1282 2936 1322 2994 od

220 3043 452 3124 lllustrissimum
482 3043 650 3120 Principem
680 3040 844 3100 Electorom
875 3038 1014 3100 relatum·
1029 3047 1081 3100 est.
1136 3041 1225 3110 Quem
1252 3045 1322 3118 quia

221 3153 303 3208 certo
322 3149 415 3225 audio,
431 3148 472 3207 ad
490 3153 620 3207 vostrum
647 3146 802 3206 arbitrium
830 3163 941 3206 omnem
970 3147 1045 3206 lanc
1072 3165 1138 3216 ,rem
1166 3150 1321 3224 rejecisse,

219 3254 299 3316 uolui
317 3257 416 3314 denuo
438 3260 566 3314 oestron
586 3272 660 3330 erpa
678 3272 724 3313 mc
744 3254 918 3314 uoluntatem
939 3259 1076 3330 cooperiri
1083 3301 1092 3330 ,
1114 3241 1146 3314 ct
1159 3273 1199 3313 on
1219 3256 1320 3314 eadem
1373 3325 1376 3332 ¹
1456 3275 1457 3282 ¹

221 3359 258 3420 de
278 3363 449 3438 recipiendo
470 3379 516 3420 me
538 3377 612 3438 quac
632 3360 796 3438 olimfuit,
824 3365 969 3421 sententia
995 3369 1096 3422 oestro
1123 3367 1239 3420 maneat
1262 3377 1321 3436 per
1364 3449 1367 3456 .

220 3465 323 3527 literas
342 3463 528 3546 capnoscerc.
570 3471 713 3528 Feceritis
724 3470 814 3543 ipitur
830 3474 888 3526 tum
903 3469 1041 3544 dipuitote
1050 3513 1058 3544 ,
1074 3476 1133 3527 tum
1146 3471 1321 3527 auctoritato

221 3577 321 3632 oestro
342 3573 476 3648 dippum,
497 3573 585 3652 idque
606 3577 691 3632 etiam
712 3576 816 3648 ipseo
837 3574 919 3633 uotis
934 3574 1321 3650 quantumdebeo„oratum

221 3679 303 3753 oolo,
332 3685 366 3738 ut
385 3683 592 3757 quamprimum
611 3680 679 3752 fieri
696 3686 811 3756 potest,
837 3681 876 3750 do
897 3685 997 3739 oestro
1018 3696 1090 3754 erpa
1111 3697 1156 3736 me
1177 3682 1321 3738 sententio

222 3792 252 3845 et
271 3784 428 3860 voluntate,
449 3791 478 3843 et
498 3789 529 3844 in
550 3803 660 3846 summa
680 3804 719 3845 an
740 3775 855 3846 tandem
875 3785 1048 3863 siquando,
1071 3803 1127 3862 qua
1144 3789 1230 3845 ctiam
1245 3803 1320 3846 con-

222 3894 331 3952 ditione
352 3883 502 3968 recepturi
522 3911 567 3952 me
589 3897 664 3969 sitis,
686 3899 842 3953 certiorem
862 3911 907 3952 mc
928 3893 1067 3953 reddatis,
1109 3893 1248 3974 Equidem
1257 3898 1321 3970 ipse

223 4000 262 4080 do
279 4017 324 4058 rae
344 4000 497 4077 mapnifico
516 3999 651 4076 polliceri
671 4017 765 4079 nequo
786 4001 884 4074 soleo,
906 4016 1001 4076 noque
1016 3999 1118 4078 uelim,
1139 4003 1194 4061 sod
1207 4006 1234 4061 si
1245 4018 1319 4075 ope·
1351 4033 1353 4037 -

222 4186 417 4198 ..ι-..α-

258 4299 811 4358 to)nnna11.r.v.tol.sut.a.o.
839 4320 842 4325 ·
