2970 4856
951 251 957 258 ι

646 327 684 340 *-
727 291 773 358 w
818 329 858 340 -

183 484 301 536 stram
319 477 456 558 faceret,
477 479 652 555 fortunam,
677 493 758 552 qaae
781 493 816 534 se
835 482 919 538 attro
939 495 979 539 ae
1002 486 1095 540 toties
1113 483 1216 560 offert,
1238 497 1294 539 re-

202 588 338 656 pudiare
361 588 497 660 amptius
522 589 642 644 veritus
662 601 751 662 sum,·
777 590 966 659 praesertim
992 603 1062 645 eum
1083 591 1143 664 sit,
1176 595 1212 646 set
1240 589 1295 646 itte

204 693 266 766 eit,
297 695 421 755 aerario
444 694 550 770 calvo,
579 698 610 752 et
634 693 733 752 semet
750 695 879 752 dimissa
898 710 960 753 aon
978 696 1081 768 facite
1102 697 1217 756 iterans
1238 711 1294 752 re-

199 803 354 860 vertatur.
774 873 776 881 Ι
1170 775 1174 787 ’
1259 781 1263 792 ’

281 905 435 974 Quoniam
456 908 564 980 itaque
581 908 625 962 int
641 905 723 962 tiano
741 921 809 962 rern
828 915 859 965 et
873 915 976 966 oestro
991 909 1107 992 faeere
1125 910 1201 967 mitti
1215 923 1302 982 oposx

199 1017 263 1085 est,
294 1027 396 1086 neque
419 1015 503 1070 enirn
529 1019 646 1070 tenere
667 987 836 1086 quidquam
857 1014 990 1097 fecero,¹
1013 1018 1151 1090 eoquod
1172 1017 1293 1073 aeoiis

196 1121 309 1176 merito
333 1121 416 1176 neate
436 1093 582 1196 auctiora,
612 1125 686 1191 peto
706 1135 725 1174 a
747 1091 862 1199 vobis}
883 1128 917 1178 ret
940 1097 1195 1197 quemadmodum
1220 1125 1293 1179 otior

198 1197 432 1300 in⁸reoipiendo
451 1229 696 1285 benevolentiam
715 1233 852 1284 vestram
872 1227 1123 1306 impertiissem,
1146 1232 1193 1286 ita
1208 1245 1291 1286 nuno

197 1335 232 1389 in
255 1336 439 1391 dimittendo
461 1337 570 1391 eastern
594 1339 700 1389 oestro
719 1334 909 1392 liberalitate
933 1333 986 1392 ati*
1001 1339 1135 1412 possim,
1166 1342 1198 1392 et
1217 1339 1292 1410 quia

196 1441 235 1496 ab
257 1442 348 1497 initio
367 1443 452 1498 inter
472 1417 529 1498 nos
549 1443 595 1496 ita
618 1442 781 1497 conventio
798 1440 882 1514 fnit,
914 1446 949 1496 at
966 1441 1067 1496 tribus
1087 1445 1182 1498 anteo
1199 1455 1290 1496 men-

195 1546 299 1623 sibus,
339 1561 432 1622 quarn
462 1547 598 1621 obirem,
639 1548 678 1602 de
705 1559 742 1603 eo
767 1561 822 1603 eos
846 1549 997 1603 certiores
1019 1547 1183 1625 facerem,
1212 1548 1294 1604 iilud

197 1666 331 1730 quaeso,
366 1657 402 1709 set
423 1669 444 1708 a
463 1652 550 1708 rotis
570 1651 646 1708 mitti
667 1653 838 1724 inpetrare
858 1641 970 1728 liceat,
1000 1668 1059 1728 qao
1082 1655 1140 1710 sab
1164 1656 1289 1710 initiam

200 1759 414 1836 vocationum,
438 1773 498 1833 quo
512 1764 650 1832 tempore
666 1760 785 1834 alioqui
798 1757 922 1835 publice
939 1761 1000 1832 teqi
1013 1776 1076 1817 non
1090 1762 1178 1831 solet,
1201 1767 1290 1834 paeto

194 1866 250 1921 iilo
283 1865 428 1922 nonnihit
448 1867 616 1944 relanoto,
655 1882 726 1924 eura
754 1867 834 1923 trono
856 1867 962 1926 oestro
990 1871 1097 1939 qratia
1127 1870 1290 1926 discedere

194 1970 294 2028 tioere
325 1972 398 2027 trino
430 1975 556 2045 possim.
613 1973 693 2027 Nam
721 1987 822 2046 neque
854 1975 940 2030 vobis
974 1977 1207 2047 dispendiosam
1232 1976 1289 2033 tsoe

193 2081 268 2154 erit,
299 2083 330 2134 et
350 2073 427 2133 ineis
454 2075 548 2134 rebus
568 2091 721 2150 perquam
738 2085 864 2150 qratan
886 2095 926 2137 ae
946 2083 1136 2177 conmotam
1155 2083 1213 2140 troo
1226 2081 1289 2155 fa·
1360 2117 1362 2122 ·

110 2173 113 2178 ’
193 2186 291 2242 oietie.

260 2284 387 2367 'Neque
403 2283 489 2349 'aero
515 2298 612 2376 puto,
654 2307 839 2370 quemqnam
872 2286 1010 2354 vestram
1036 2267 1200 2352 eonsilium
1228 2296 1286 2350 ttoe

192 2414 294 2457 meam
315 2400 547 2472 reprehendero
567 2402 679 2480 merito
699 2416 809 2478 posse,
840 2405 953 2474 qnippe
976 2385 1060 2474 qaod
1077 2399 1140 2455 non
1158 2401 1285 2472 privata

193 2477 302 2580 aiiqaa
322 2503 460 2584 offensa,
483 2519 584 2580 neque
605 2504 677 2562 atio
692 2503 916 2564 oet‘trorninam
928 2507 979 2562 oet
992 2507 1050 2562 toci
1073 2493 1176 2589 taedio
1200 2503 1284 2580 affe-

190 2618 267 2688 ctus,
289 2613 324 2668 in
340 2613 478 2700 animuin
490 2613 623 2689 iudaei)
645 2617 702 2670 seo
714 2617 796 2689 quoii
812 2615 879 2671 sota
895 2615 1083 2670 necessitate
1097 2613 1281 2694 compulsas,

191 2721 222 2773 et
247 2721 331 2789 quod
353 2719 515 2795 videbam,
550 2733 589 2775 ea
618 2734 700 2794 qnae
727 2737 747 2776 a
769 2727 875 2778 vestra
897 2690 1112 2778 benevelentia
1132 2719 1285 2792 fortassis

192 2826 364 2898 impetrare
377 2827 565 2902 potuissem,
586 2841 646 2897 per
666 2832 839 2897 temporam
859 2829 1057 2900 iniquitatem
1074 2830 1185 2897 neqari
1205 2840 1280 2881 sas-

191 2934 270 3005 oepi.
312 2931 394 2987 Nam
417 2945 436 2984 o
459 2933 488 2988 si
504 2931 639 3003 fortuna
663 2935 777 2987 stodiis
797 2936 915 2986 nostris
935 2946 1073 3003 unquam
1092 2933 1138 2987 ito
1158 2935 1206 2987 sio
1225 2946 1284 2987 ar·-

189 3036 329 3113 risisset,
353 3042 389 3093 stt
406 3053 477 3118 eqo,
500 3041 529 3094 si
546 3054 605 3112 qer
619 3043 750 3104 eeteros
769 3051 912 3092 mearam
926 3051 1034 3092 reram
1052 3039 1192 3094 rationes
1206 3039 1283 3096 mini

190 3145 302 3222 liceat,
331 3146 366 3202 in
383 3145 444 3202 troo
466 3144 573 3202 saneta
596 3150 627 3201 et
646 3147 681 3201 ia
702 3148 805 3242 eestro
832 3145 911 3198 adeo
935 3146 1054 3226 qronrio
1080 3146 1176 3200 eitam
1201 3145 1283 3202 iane

190 3237 500 3327 etaaoere'optarim.
544 3251 611 3316 Quo
633 3267 687 3308 eos
711 3266 846 3334 aequora
866 3258 936 3345 mi
960 3242 1129 3322 faoitiores
1151 3251 1227 3307 mitti
1246 3253 1281 3307 in

188 3357 249 3414 itae
274 3373 312 3414 re
337 3361 442 3416 asinas
465 3362 572 3413 oestro
605 3373 644 3413 ae
672 3361 891 3414 necessitatem
911 3372 1050 3414 aneorum
1078 3359 1207 3434 saitem,
1242 3360 1282 3416 de

187 3479 237 3522 rao
259 3467 328 3542 ipso
350 3466 431 3523 nituit
451 3468 584 3546 addam,
608 3479 787 3542 aqnoseere.

207 3641 210 3650 .
271 3571 337 3644 tiqo
355 3586 451 3644 eone,
475 3560 622 3654 quoiast
646 3585 695 3626 rne
721 3574 847 3646 attinet,
878 3574 943 3647 ita,
976 3561 1153 3644 ubieunque
1168 3567 1277 3648 fuero,

188 3693 264 3748 erqo
285 3692 340 3732 ves
360 3677 558 3752 scientamque
579 3658 716 3732 vestrane
738 3655 787 3734 rne
809 3669 934 3754 qeranr,
958 3682 993 3732 ot
1017 3673 1097 3751 q'ood
1121 3677 1280 3732 otarannm

184 3775 333 3852 fidumao
345 3774 459 3844 bonurn
475 3789 572 3862 decet,
591 3785 673 3841 niitit
689 3799 789 3860 neque
806 3781 907 3855 officii
924 3765 1023 3858 neque
1034 3793 1148 3856 operae
1160 3783 1278 3857 inpro-

185 3883 345 3948 moventis
375 3899 406 3951 et
435 3892 674 3948 cotionestonois
704 3893 819 3949 vestris
847 3891 966 3947 ciritae
992 3875 1105 3946 videar
1130 3890 1278 3946 omisisse.

186 3995 304 4054 Datum
324 3997 474 4056 aoattttt.
489 3997 555 4053 eat.
576 3990 716 4069 Aaqasti.

796 4101 828 4158 V.
850 4102 887 4157 D.

633 4211 808 4270 Jaeoous
837 4206 1074 4283 Micyllus.“
