2970 4856
648 322 840 386 ..4-

131 395 145 434 ο

186 520 265 562 neruo
297 522 363 565 sane
396 511 515 567 miretur.
574 509 729 568 Lutheri
762 502 907 581 dogmata,
947 523 1017 582 quae
1052 512 1108 566 tum
1145 523 1285 584 propaga-

186 597 297 686 bantur,
320 629 411 690 neque
431 630 513 673 caeco
537 612 600 674 odio
622 617 781 686 aversatus,
811 628 900 687 neque
922 617 1003 672 nimio
1025 612 1117 672 studio.
1135 615 1285 690 amplexus,

185 715 397 780 ludovicus
426 720 646 797 primoquidem
673 723 765 780 aritae
791 721 931 794 religionis
960 737 1005 778 res
1034 723 1098 786 satis
1128 723 1287 778 constanter

185 825 327 901 tuebatur,
348 843 428 902 mox,
450 832 480 886 ut
504 845 548 886 res
570 823 900 903 poscebarit,ssuorarum
923 829 1082 902 opinionum
1104 827 1285 886 sectatoribus

187 930 257 990 haud
270 933 413 991 intensum
435 951 498 992 sese
518 935 682 1010 praestabat.
733 933 878 992 Academia
906 936 1012 1008 autern,
1027 911 1028 915 Ἰ
1043 949 1113 1008 quae
1139 931 1286 1004 Heidel-

188 1037 332 1111 bengae
371 1039 434 1098 olim
466 1041 556 1100 suerat
587 1044 726 1115 instituta,
765 1058 821 1101 nun
851 1039 1056 1100 lutheranismo
1085 1043 1206 1114 tantum,
1235 1037 1287 1102 sed

187 1145 313 1204 omuibus
336 1149 436 1220 ingenii
457 1147 605 1222 fructibus,
629 1164 698 1222 quos
720 1151 848 1208 recentes
869 1149 897 1206 in
918 1147 1008 1232 lucem
1029 1147 1180 1222 protulerat
1203 1150 1286 1220 aetas,

188 1253 366 1312 vehementer
387 1257 445 1314 erat
467 1256 579 1313 intensa.
629 1255 872 1328 scholasticorum,
891 1270 974 1328 ¹quos
995 1236 1103 1327 dicunt,
1133 1253 1287 1312 barbariem
1323 1309 1326 1314 .

186 1357 349 1418 Academiae
370 1361 544 1434 professores
565 1360 702 1421 mordicus
731 1363 881 1420 retinentes
914 1364 941 1420 et
970 1369 1062 1419 rerum
1078 1351 1204 1418 'suarum
1231 1362 1288 1432 janu
1352 1405 1354 1408 .

189 1461 450 1552 dudumlabautium
464 1469 569 1526 ruinam
583 1470 716 1542 timentes,
739 1471 794 1526 tam
814 1467 1014 1526 Reucblini
1035 1481 1115 1540 quam
1136 1465 1288 1522 Lutberi

189 1574 302 1628 conatus
325 1572 425 1659 iulesto
446 1576 535 1632 auimo
551 1579 738 1650 acceperunt,
763 1579 790 1634 et
808 1576 978 1634 humanitatis
993 1569 1088 1632 studiis
1105 1569 1214 1630 saeculo
1230 1569 1287 1627 XV.

188 1678 330 1758 praeclare
350 1678 592 1740 reflorescentibus
614 1699 669 1740 nou
690 1686 778 1742 miuus
801 1687 877 1742 erant
896 1683 1011 1754 inimici,
1040 1680 1188 1754 quomis,
1220 1691 1287 1750 quas

190 1783 386 1846 Germanorum
402 1790 543 1862 ¹ingenium
566 1793 655 1864 patrio
671 1807 798 1850 sermone
812 1793 877 1849 tuno
889 1787 1170 1860 excolere-coeperat,
1191 1783 1287 1841 literis·

270 1893 329 1964 Qua
349 1897 428 1953 inme
450 1893 513 1969 quid
534 1899 651 1970 partium
672 1897 807 1970 studium,
822 1894 895 1970 ,quid
910 1899 1101 1968 tenaxeorum,
1124 1907 1194 1968 quae
1206 1904 1300 1948 arua-.

186 2000 296 2072 juribus
315 1998 411 2056 tradita
433 2005 597 2075 accepimus,
622 2001 755 2076 cupiditas
778 2005 874 2077 possit,
896 2001 1041 2060 Academia
1063 2001 1199 2059 luculento
1221 2013 1291 2074 pru·

189 2105 264 2164 bavit
288 2105 431 2179 exemplo,
454 2105 547 2182 quod,
577 2110 629 2166 nisi
649 2100 752 2168 veritas
774 2109 898 2167 omnibus
920 2111 994 2166 esset
1015 2104 1215 2182 praeferenda,
1245 2105 1291 2162 lu·
1393 2167 1398 2178 ,

190 2213 288 2286 beuter
319 2213 480 2300 taceremus.
529 2214 655 2274 Exeunte
682 2218 753 2294 enirn
784 2216 893 2276 saeculo
922 2215 995 2288 XV„
1028 2215 1077 2272 sub
1106 2215 1234 2285 auspiciis
1261 2211 1290 2281 ³)

190 2319 282 2380 Phili
290 2320 522 2396 ppiPrincipls‚
551 2325 597 2396 qui
620 2323 652 2380 ab
675 2325 792 2394 ingenua
810 2301 1001 2395 vgenerosaque
1022 2319 1104 2374 animi
1125 2315 1215 2372 indole
1239 2329 1291 2370 co·
1317 2327 1318 2334 ¹

191 2429 361 2500 gucmiuatua
384 2430 428 2484 ast
444 2427 549 2484 Nobilis
567 2427 754 2498 etlngenuus‚
777 2424 1047 2502 Heidelbergae
1068 2420 1218 2494 lloruorunt
1239 2422 1291 2478 viri
1373 2416 1379 2428 ’

192 2531 225 2590 de
247 2534 335 2605 patria
356 2533 384 2588 et
405 2530 489 2588 literis
513 2534 614 2604 optime
636 2534 738 2604 meriti,
770 2531 927 2606 aequalibus
948 2531 1149 2604 acceptissimi,
1171 2530 1291 2602 posteris

194 2652 299 2698 summe
319 2635 476 2710 uenerandi,
497 2635 716 2713 liudolphus
738 2637 926 2712 Agricola,
949 2634 1136 2696 Conradus
1158 2635 1290 2711 Celtas,

191 2743 361 2802 loannes
392 2743 642 2820 lteucblinus,
678 2746 843 2805 lacubus
874 2742 1292 2819 Wimphelingius,·lo-

192 2851 580 2927 aunueslritbemius,
612 2853 775 2912 loannes
798 2852 1035 2911 Camerarius
1056 2849 1292 2922 Dalbnrgius,

193 2957 244 3014 alii.
286 2957 334 3014 llis
355 2953 502 3014 ilcademia
523 2957 604 3031 plane
632 2958 682 3015 luit
701 2957 847 3031 aduersa,
882 2965 1003 3029 novum,
1039 2957 1086 3030 qui
1110 2957 1167 3026 jum
1192 2952 1299 3012 llorere

183 3061 502 3138 xcoeperutpliterarum
524 3063 625 3123 cultum
646 3049 920 3139 ipsosquecultoros
941 3065 1026 3138 magis
1048 3063 1183 3119 insectans
1212 3077 1293 3136 quam
1349 3107 1354 3118 ,

193 3171 279 3226 amice
289 3167 433 3254 adjuvans,
464 3155 561 3244 Neque
572 3173 648 3245 prius
664 3170 716 3244 illa,
739 3187 808 3245 quae
820 3187 909 3246 nuper
923 3172 1019 3228 exorta
1034 3171 1111 3228 eraut
1122 3169 1293 3226 humanitatis

195 3273 292 3348 studia,
315 3279 445 3351 persequi
461 3274 564 3334 destitit
580 3275 688 3351 invidia,
706 3293 787 3352 quam
798 3283 825 3336 et
837 3295 867 3336 se
876 3281 960 3350 magis
977 3280 1117 3351 magisque
1133 3261 1294 3334 decrescere

196 3386 224 3440 et
245 3385 397 3454 iuventutis
407 3383 547 3440 literarum
558 3381 696 3440 studiosae
722 3384 903 3459 frequentiam
924 3387 1046 3444 imminui
1064 3381 1185 3444 vidisset.
1227 3381 1297 3439 Tum
1338 3379 1341 3385 '

196 3487 304 3548 demum
325 3489 551 3546 llerruannns
572 3489 750 3548 Busobius
773 3493 801 3548 et
823 3489 944 3549 Simon
967 3487 1157 3566 Grynaeus
1177 3487 1313 3545 inAoa-.

197 3593 302 3652 demine
323 3593 466 3667 collegium
487 3597 549 3651 sunt
570 3592 695 3668 admissi,
719 3595 762 3653 ille
784 3598 814 3654 ut
834 3596 958 3669 Latinas,
979 3596 1023 3653 hic
1045 3597 1075 3652 ut
1094 3593 1210 3654 Graecas
1232 3593 1297 3652 lite-

195 3717 241 3760 ras
263 3699 384 3774 dooeret.
417 3698 538 3768 tinibus
561 3683 727 3776 duumviris,
756 3705 778 3760 si
801 3700 901 3760 diutius
922 3682 1118 3772 Heidelbergae
1132 3699 1297 3757 commorati

194 3810 305 3880 essent,
339 3806 437 3881 procul
466 3805 547 3866 dubio
562 3824 705 3882 ,prospere
727 3812 816 3866 omnia
838 3811 993 3868 cessissent.
1046 3804 1101 3865 Sed
1121 3803 1298 3892 adversario-

196 3930 255 3974 rum
278 3913 434 3971 molimeuta
455 3928 585 3988 repressa
606 3917 691 3988 magis
714 3931 793 3990 quarn
817 3931 966 3991 oppressa,
998 3929 1062 3988 mon
1090 3911 1179 3971 denuo
1200 3915 1227 3968 in
1249 3925 1298 3968 eos
1321 3971 1322 3974 ,

251 4155 287 4224 b)
306 4155 511 4210 Riesmeun.
535 4160 649 4207 rediviv.
670 4174 693 4220 p.
713 4161 748 4208 62
766 4176 823 4226 sqq.
866 4160 1065 4212 uurckuaru
1093 4159 1126 4206 de
1152 4155 1222 4226 ring,
1240 4154 1301 4212 liat·¹

295 4245 359 4294 fatis
378 4249 434 4297 ml
461 4249 570 4314 15231.
590 4251 619 4298 Τ.
641 4251 673 4298 ll,
695 4265 710 4313 p
738 4251 803 4302 aba.
