2970 4856
645 346 833 413 -p..

186 537 371 614 exsuperabat
393 533 564 594 Germanum
586 533 748 590 universnm
798 533 852 604 Qui
866 531 953 594 idem
980 537 1077 611 purten
1107 535 1289 615 llinpllum

190 649 401 724 praeceptorem
430 643 504 700 omni
529 641 632 716 pietute
660 641 691 698 ut
717 641 859 714 ponentem
886 641 1056 699 carissimum
1077 639 1186 716 colens,
1215 644 1292 717 grele

194 753 323 812 memorie
344 751 388 808 est
409 748 572 822 prosecutus
600 743 780 821 pluribusque
809 745 973 806 carminibus
997 747 1044 820 ²⁸)
1073 746 1293 824 elegantioribus,

193 876 264 936 quoe
286 859 409 930 exstent,
430 853 585 931 posteritnti
606 849 813 920 commendavit.

277 964 527 1038 Peregrinntionem
547 975 624 1020 snum
645 960 706 1036 ipse
732 957 929 1039 blieplluu
956 959 998 1022 bis
1020 961 1146 1022 uersibus
1169 961 1217 1036 ¹⁸)
1239 977 1294 1022 non

102 1079 106 1094 ¹
194 1071 319 1150 illepidis
338 1072 481 1130 memoriae
505 1065 640 1145 prodidit:

427 1249 460 1262 -
477 1229 607 1275 exterum
622 1225 710 1287 petrin
726 1221 823 1288 proeul
841 1225 920 1274 notum
935 1223 963 1274 iu
981 1237 1044 1277 orne
1052 1259 1062 1291 ,

362 1320 474 1388 iguotns
491 1317 598 1379 prorupi
614 1327 691 1365 mure
708 1327 820 1378 pererro
837 1315 941 1369 domos.

298 1413 420 1474 quue
437 1411 467 1460 et
482 1409 619 1472 Turrim,
635 1407 731 1458 siurim
747 1410 873 1458 reoretnu
881 1441 891 1473 ,
908 1409 935 1458 in
954 1409 1020 1460 urbe
1029 1443 1039 1474 ,

362 1499 449 1566 Quem
467 1505 545 1550 boeot
562 1501 661 1564 exiguo
678 1499 748 1550 ionio
765 1501 849 1552 litere
865 1503 943 1552 rudo.

295 1595 371 1644 Duru
387 1594 448 1644 iere
466 1593 525 1642 tolo
542 1591 665 1656 transegi
683 1589 913 1653 temporoluetro
923 1623 934 1656 ,

361 1684 428 1733 Dure
445 1694 546 1746 sequor
563 1683 642 1732 ilonli
660 1693 740 1735 onero
757 1683 878 1746 doneque
896 1682 992 1744 elueri,

298 1776 333 1825 Et
348 1789 412 1824 mox
430 1774 582 1825 saxonicos
600 1773 672 1822 ultrn
688 1776 838 1835 proventus
854 1773 881 1821 ln
898 1782 1000 1833 ugron,

362 1865 439 1916 Alble
454 1866 488 1915 nd
506 1863 636 1914 Arctoum
653 1875 706 1926 que
722 1873 797 1912 mere
816 1862 901 1912 tendit
918 1861 979 1910 iter.

296 1955 359 2007 otio
375 1957 444 2006 dure
461 1954 584 2018 quidem,
600 1954 648 2003 red
665 1963 720 2003 non
737 1955 844 2017 ingrate
860 1952 976 2016 peregi,

364 2049 431 2100 beru
447 2050 530 2111 quote
545 2033 626 2096 Pierii
643 2047 731 2098 lucino
750 2046 779 2096 et
795 2045 854 2107 ipso
870 2044 971 2108 gregis.

296 2141 332 2190 lit
349 2142 456 2190 teneam
473 2139 729 2204 mysos,1rrauoos
747 2141 776 2187 et
792 2137 896 2190 Norico
911 2149 997 2200 regno
1006 2169 1016 2201 ,

363 2227 397 2278 m
414 2239 465 2277 vos
482 2239 550 2290 quoe
567 2229 657 2290 primm
673 2227 751 2278 nituit
767 2229 839 2278 luter
855 2211 941 2290 equis.

298 2317 399 2368 Omnes
416 2331 483 2382 quus
500 2318 582 2384 longo
600 2322 690 2369 terreo
706 2318 910 2382 peragravimus
927 2328 999 2388 nero
1008 2348 1020 2381 ,

366 2407 434 2457 llum
451 2389 559 2457 tendum
576 2409 685 2460 rentum
703 2413 747 2460 eet
764 2411 797 2460 el
816 2409 887 2460 vedu
896 2441 907 2474 ,
924 2409 1024 2458 bloene
1034 2439 1045 2474 ‚
1062 2409 1117 2456 tuo.
1197 2445 1200 2451 .

298 2499 351 2548 libe
368 2500 473 2548 dennuni
489 2497 600 2549 lucerne
616 2502 699 2550 stetin
716 2503 856 2564 peteteetn
873 2501 1004 2565 rarione,

365 2589 530 2652 Etupetiurn
548 2591 628 2640 lenuis
647 2595 745 2642 ventus
762 2595 791 2643 et
808 2594 880 2643 unde
896 2594 977 2643 dedit.

300 2682 351 2731 iiie
368 2692 418 2733 nno
436 2685 500 2731 tune
516 2682 627 2742 primum
640 2677 761 2744 juvenes
778 2683 913 2731 aetatibus
929 2679 1022 2729 umbos

365 2773 520 2822 Junxerunt
537 2771 653 2820 tbnlemo
670 2771 871 2832 erroneosque
889 2781 972 2819 novo.

283 2911 363 2969 Anno
379 2909 553 2986 ibblqnnm
568 2907 661 2970 sedem
681 2911 804 2972 stabilem
822 2915 850 2972 et
870 2909 1034 2971 domicilium
1055 2906 1297 2968 Frnnoolurti

198 3017 241 3078 ud
269 3017 442 3076 bloennm
469 3015 645 3091 collocasset,
677 3021 705 3078 in
726 3021 795 3079 roito
816 3022 861 3094 et,
893 3023 946 3078 nisi
972 3019 1065 3093 iiiior,
1093 3019 1209 3078 venusto
1231 3032 1295 3075 oar-

199 3127 274 3188 mine
314 3121 348 3182 ed
378 3122 566 3182 llebnnnm
600 3123 748 3184 llessum
786 3124 983 3201 (beboben')
1021 3125 1095 3198 2'),
1126 3123 1295 3189 ,ioeobi-

222 3327 419 3340 ,ισ--ι-

234 3469 287 3527 25)
303 3470 394 3520 Petr.
411 3468 571 3518 Letiobii
587 3466 712 3530 poemata
730 3469 763 3518 od
791 3470 979 3520 Friedemnnn.
1004 3470 1078 3532 lips.
1086 3466 1170 3519 1840.
1199 3467 1298 3532 Elegg.

301 3559 614 3625 numemm.
793 3541 796 3546 ’

235 3637 287 3709 ⁴26)
305 3653 368 3718 Syl
380 3667 430 3703 vv.
449 3651 493 3702 lib.
511 3654 533 3700 Ι.
551 3667 576 3715 p.
593 3654 640 3702 59.

235 3742 287 3800 27)
305 3744 379 3794 huus
397 3740 458 3808 ejus
475 3745 573 3808 legitur
586 3747 612 3794 in
622 3743 718 3806 spiro.
732 3741 791 3791 libr.
799 3743 819 3796 l.
828 3756 852 3802 p.
865 3739 910 3789 27.
921 3739 965 3790 lib.
976 3743 1026 3789 ill.
1038 3756 1063 3804 p.
1073 3742 1143 3806 20³,
1160 3741 1294 3804 epigram-

300 3838 372 3881 mate
388 3835 415 3882 in
433 3829 554 3896 ejusdem
572 3830 703 3894 epistolas
721 3838 803 3896 etque
821 3835 846 3880 in
866 3833 950 3882 iliade
967 3833 1019 3882 ibid
1046 3831 1105 3882 libr.
1122 3831 1169 3884 Ν.
1189 3845 1213 3894 p.
1227 3831 1295 3879 282.

299 3921 413 3973 Carmen
428 3925 455 3972 in
470 3935 529 3973 eum
549 3922 678 3984 scriptum
691 3927 772 3986 atque
787 3919 948 3986 epitaphium
962 3925 1034 3974 illius
1049 3925 1109 3974 ibid.
1127 3924 1187 3972 libr.
1202 3924 1250 3972 lv.
1273 3901 1297 3984 p.

300 4011 358 4062 422
374 4026 433 4075 sqq.
456 4014 587 4075 reperies.
631 4009 760 4077 Ejusdem
777 4015 917 4077 epistolem
935 4017 969 4064 orl
988 4015 1179 4079 Micyllnm
1198 4015 1298 4079 dotem,

300 4115 369 4166 quae
385 4101 476 4154 lucem
493 4102 626 4168 publicem
644 4107 760 4155 nondum
778 4105 884 4154 viderat
892 4137 903 4170 ,
925 4107 1007 4154 edidit
1024 4106 1131 4154 Krolt
1147 4106 1172 4152 iu
1191 4104 1298 4167 libello,

251 4257 271 4268 Γ
299 4208 352 4258 quo
377 4196 411 4245 od
434 4195 546 4246 uenulae
562 4196 693 4247 solemnia
717 4194 882 4246 celebranda
904 4198 1012 4247 invitet.
1052 4196 1196 4260 llomburg.
1218 4197 1298 4245 1842.

302 4298 329 4344 p.
351 4283 465 4356 17-719.
510 4287 551 4336 De
574 4287 718 4338 Eobeno
743 4289 853 4338 licaeo
881 4291 952 4339 coni.
972 4289 1033 4340 ibid.
1053 4305 1077 4352 p.
1096 4287 1131 4338 tr
1148 4301 1205 4354 sqq.
