2970 4856
590 341 900 436 *³³*-

25 603 29 615 ,
133 541 176 598 tes
203 536 256 608 ¹⁹)
279 533 418 594 concitati
438 533 508 592 sunt.
550 529 651 590 Placuit
671 527 805 606 denique,
839 531 979 596 Electum
1006 537 1140 602 emenus
1172 557 1234 604 esse

134 643 251 718 collegii
274 639 430 718 Sapientiae
450 626 709 714 summosepbcros
729 642 757 697 et
772 644 922 718 perpetuos
935 641 1165 710 adminbtretores
1178 650 1234 726 ⁸⁰).

52 737 53 740 ’
220 748 347 810 Solemni
368 736 463 806 antem'
484 742 565 805 modo
593 744 736 820 pullenum
763 745 816 808 boo
842 747 878 811 ob
905 752 1059 827 contagium
1086 755 1235 831 pestiferae

136 860 205 932 luis,
230 871 307 932 qnae
327 853 424 914 urbem
445 854 594 928 mouserot,
615 849 660 912 die
680 849 787 914 demum
807 853 852 914 111.
871 861 971 941 menete
989 858 1151 922 Novembris
1171 867 1234 928 anni

140 965 219 1025 1555
265 963 454 1038 inauguratum
483 958 658 1036 detectosque
687 974 725 1018 ex
750 958 903 1026 ,Palabnetu
932 965 1049 1037 juvenes
1077 968 1173 1042 viginti
1203 972 1234 1030 ut

140 1073 278 1150 primitiae
300 1067 451 1128 studiornni
471 1067 640 1144 Sapientiae,
660 1067 787 1126 examine
806 1064 879 1144 apud
904 1067 1078 1134 iacobum
1104 1073 1234 1153 Micyl-

142 1180 220 1238 tnm
247 1179 272 1236 et
301 1174 444 1236 Panium
475 1171 666 1234 disnernm
704 1171 800 1236 JCtnnr
830 1175 882 1236 rite
910 1180 1042 1255 peraeto,
1083 1182 1112 1242 iu
1145 1179 1234 1243 colte-

153 1286 227 1360 gium
245 1282 371 1357 receptos
391 1293 467 1355 esse,
488 1280 548 1339 actu
572 1278 618 1352 ⁸¹]
639 1282 733 1339 uostrn
752 1279 859 1342 docent.

230 1385 305 1448 Adde
325 1387 366 1446 bis
387 1403 435 1462 ea,
465 1401 536 1464 qnae
562 1385 725 1448 ioannes
752 1385 876 1448 Adami
899 1389 965 1467 θ’),
995 1391 1234 1468 Rupnnwnidnmp
1361 1430 1366 1440 Ι

64 1562 66 1571 ,
161 1497 330 1571 dunstanus,
352 1481 599 1554 debriderico
620 1491 670 1567 11,
701 1495 745 1554 cui
764 1496 879 1572 propter
898 1499 1038 1577 eximium,
1062 1515 1117 1578 qua
1142 1503 1235 1580 adsit,

157 1603 330 1682 deruentium
349 1601 508 1688 Eloquentis
528 1615 627 1662 nornen
647 1598 759 1662 inditum
779 1603 834 1678 est,
856 1607 969 1666 cecinit:

64 1742 71 1823 '1
222 1757 225 1764 “
277 1755 356 1810 tilius
373 1759 498 1822 auspiciis
506 1791 517 1823 ,
534 1770 602 1822 quae
619 1769 690 1808 nuno
706 1759 844 1822 sapientia
862 1762 914 1812 diui

275 1847 402 1915 obtinet,
424 1851 488 1902 ento
504 1851 540 1913 pti
556 1861 637 1900 sacra
653 1848 781 1900 iratribus
797 1850 959 1916 Augustini,

277 1943 382 1992 Nomen
399 1946 428 1992 et
443 1941 579 2004 antiquum
595 1941 688 1990 domus
704 1939 757 1991 uun
771 1941 886 2004 perdidit
902 1953 998 2008 umen,

278 2035 457 2097 suscepitque
473 2043 560 2083 noros
578 2033 703 2082 dinem
719 2033 802 2087 sorti.
818 2031 950 2086 stomaco.

278 2121 391 2172 seilicet
406 2122 434 2172 in
449 2133 548 2186 megno
565 2134 675 2184 parve·
692 2134 742 2174 ceu
760 2124 876 2175 tundens
893 2125 972 2176 burto

279 2213 405 2264 secernit
422 2217 513 2262 terroe
530 2216 634 2275 perteue
641 2245 653 2278 ,
670 2215 805 2276 variisque
821 2215 949 2266 frutetum

278 2303 417 2359 (tonstruit
433 2315 468 2353 ex
483 2302 581 2366 plantis
589 2333 602 2368 ,
617 2303 745 2366 viresque
761 2301 903 2369 exploret,
921 2308 950 2355 ut
966 2305 1028 2355 tude

278 2393 362 2446 certa
378 2398 459 2458 queat
475 2395 524 2444 toti
540 2391 676 2457 plantaria
690 2373 816 2460 proniore
833 2393 932 2458 sunum
978 2392 988 2426 t

277 2487 324 2538 sic
340 2488 401 2550 pius
416 2489 443 2536 tn
459 2487 537 2537 duem
554 2486 683 2550 Princeps
700 2486 769 2538 baec
784 2485 874 2536 nuxit
890 2485 1023 2551 eundem,

244 2609 259 2620 »
280 2580 315 2630 itt
330 2577 425 2630 studiis
441 2580 553 2629 tenerae
569 2580 691 2630 sanam
705 2581 777 2630 tecte
792 2579 920 2628 iuventae
927 2610 939 2642 ,

281 2665 361 2733 Quae
375 2681 457 2720 saera
472 2670 610 2720 Musarum
626 2673 853 2730 perscrutaretur,
871 2671 900 2718 et
916 2669 990 2718 ortes

281 2759 415 2826 ingenuos
431 2760 516 2823 primo
533 2758 638 2808 biberet
653 2769 711 2809 curn
728 2757 845 2808 moribus
862 2768 948 2807 aevo:

279 2847 315 2902 Ut
330 2851 457 2917 poputum
473 2862 541 2902 reae
556 2853 618 2914 post
634 2851 669 2900 de
685 2851 785 2914 pietate
802 2849 922 2899 duceret.

229 2989 361 3070 Princeps
383 2987 469 3050 Otto
490 2989 667 3050 ilenricns
689 2989 741 3049 boo
761 2987 904 3064 collegium
924 2986 1063 3048 beneflciis
1078 2989 1159 3048 uariis
1176 2979 1237 3046 orn2

145 3097 293 3177 ptiitcavit,
315 3099 344 3156 et
364 3095 486 3156 scholam
503 3097 710 3171 Niorinam,⁸⁸]
731 3099 818 3170 auxit,
838 3099 866 3154 in
887 3107 940 3169 qna
960 3096 1059 3153 civium
1081 3093 1159 3154 tiberi
1176 3097 1238 3171 pri-

146 3209 202 3265 mis
222 3205 361 3264 literarum
381 3204 462 3260 initiis
483 3201 675 3261 imbuerentur.
717 3203 904 3278 Praeceptori,
933 3215 995 3260 eum
1015 3203 1094 3260 anteo
1114 3200 1148 3261 ab
1169 3203 1238 3262 nrbe

146 3310 286 3388 stipendia
318 3310 520 3384 tribuerentur,
535 3363 539 3370 ,
555 3311 615 3385 ipse
645 3307 755 3368 Elector
783 3307 896 3392 leutius·
910 3305 1073 3386 stipendium
1108 3305 1237 3384 decrevit,

149 3418 274 3495 aliosque
293 3415 410 3493 reditus,
429 3414 501 3476 nude
518 3416 617 3476 ulnrnoi
635 3413 800 3490 commodius
819 3418 913 3476 uivere
927 3418 1048 3493 possent,
1069 3413 1167 3477 addidit
1183 3418 1238 3490 ⁸⁴).

159 3607 349 3626 bun—n-

183 3729 554 3787 assectationem
574 3731 600 3780 b.

185 3820 234 3882 ³0)
252 3821 385 3886 Alting.
404 3819 426 3870 1.
443 3819 465 3871 1.
484 3835 510 3884 p.
528 3817 594 3870 160.

184 3911 234 3969 oi)
253 3913 283 3966 [A.
299 3907 318 3962 i.
337 3911 388 3962 iol.
407 3909 455 3961 52.
473 3923 501 3962 a.

185 4000 231 4064 32)
248 4005 278 4052 in
295 4001 379 4054 Nicro
396 4015 445 4053 suo
462 4015 490 4065 p.
507 3999 555 4050 27.
577 4014 603 4050 r.
621 3991 732 4064 ideoq.
935 4038 938 4045 ,

186 4093 236 4151 38)
253 4095 397 4158 Kayser
412 4093 472 4143 bist.
489 4090 653 4154 Sobanpiatz-
671 4091 721 4142 der
737 4090 817 4141 stadt
832 4090 1008 4156 tieydetberg
1024 4091 1053 4146 S.
1071 4088 1124 4139 151
1144 4101 1202 4154 sqq.

186 4184 234 4244 oa)
251 4187 447 4235 Riesmauu.
467 4184 583 4234 redtrtr.
596 4197 620 4245 p.
632 4183 670 4234 97
686 4180 915 4250 111511511111111.λ
939 4179 1065 4244 Alting.
1083 4179 1129 4248 1,1.
1142 4179 1242 4244 ploti.

613 4300 628 4345 a
1027 4271 1043 4328 e
